<marc:collection xmlns:marc="http://www.loc.gov/MARC21/slim" xmlns:xsi="http://www.w3.org/2001/XMLSchema-instance" xsi:schemaLocation="http://www.loc.gov/MARC21/slim http://www.loc.gov/standards/marcxml/schema/MARC21slim.xsd">
    <marc:record type="Bibliographic">
        <marc:leader>03250cem a22006017a 4500</marc:leader>
        <marc:controlfield tag="001">8788645</marc:controlfield>
        <marc:controlfield tag="005">20141015122315.0</marc:controlfield>
        <marc:controlfield tag="007">aj canzn</marc:controlfield>
        <marc:controlfield tag="008">910718s1884    au dg     a  u  0   greo </marc:controlfield>
        <marc:datafield tag="024" ind1="0" ind2=" ">
            <marc:subfield code="a">HM 2015-9</marc:subfield>
        </marc:datafield>
        <marc:datafield tag="010" ind1=" " ind2=" ">
            <marc:subfield code="a">   91684078 </marc:subfield>
        </marc:datafield>
        <marc:datafield tag="035" ind1=" " ind2=" ">
            <marc:subfield code="a">(OCoLC)ocm24501605</marc:subfield>
        </marc:datafield>
        <marc:datafield tag="040" ind1=" " ind2=" ">
            <marc:subfield code="a">DLC</marc:subfield>
            <marc:subfield code="b">eng</marc:subfield>
            <marc:subfield code="c">DLC</marc:subfield>
            <marc:subfield code="d">OCL</marc:subfield>
            <marc:subfield code="d">OCLCQ</marc:subfield>
            <marc:subfield code="d">OCLCF</marc:subfield>
            <marc:subfield code="d">NjP</marc:subfield>
        </marc:datafield>
        <marc:datafield tag="034" ind1="1" ind2=" ">
            <marc:subfield code="a">a</marc:subfield>
            <marc:subfield code="b">300000</marc:subfield>
        </marc:datafield>
        <marc:datafield tag="035" ind1=" " ind2=" ">
            <marc:subfield code="a">(OCoLC)24501605</marc:subfield>
        </marc:datafield>
        <marc:datafield tag="043" ind1=" " ind2=" ">
            <marc:subfield code="a">e-gr---</marc:subfield>
        </marc:datafield>
        <marc:datafield tag="050" ind1="0" ind2="0">
            <marc:subfield code="a">G6810 1884</marc:subfield>
            <marc:subfield code="b">.A9 MLC</marc:subfield>
        </marc:datafield>
        <marc:datafield tag="052" ind1=" " ind2=" ">
            <marc:subfield code="a">6810</marc:subfield>
        </marc:datafield>
        <marc:datafield tag="110" ind1="1" ind2=" ">
            <marc:subfield code="a">Austro-Hungarian Monarchy.</marc:subfield>
            <marc:subfield code="b">Militärgeographisches Institut.</marc:subfield>
        </marc:datafield>
        <marc:datafield tag="245" ind1="1" ind2="0">
            <marc:subfield code="a">Chartēs tou Vasileiou tēs Hellados</marc:subfield>
            <marc:subfield code="h">[map] :</marc:subfield>
            <marc:subfield code="b">synetachthē hypo smikrynsin 1:300.000 /</marc:subfield>
            <marc:subfield code="c">echarachthē kai etypōthē en tō. Kaisarovasilikō. Strat. Geōgr. Institoutō. en Viennē ; I. Kokidēs, antisyntagmatarchēs tōn Genikōn Epitelōn.</marc:subfield>
        </marc:datafield>
        <marc:datafield tag="255" ind1=" " ind2=" ">
            <marc:subfield code="a">Scale 1:300,000.</marc:subfield>
        </marc:datafield>
        <marc:datafield tag="260" ind1=" " ind2=" ">
            <marc:subfield code="a">[Vienna? :</marc:subfield>
            <marc:subfield code="b">s.n.],</marc:subfield>
            <marc:subfield code="c">1884.</marc:subfield>
        </marc:datafield>
        <marc:datafield tag="300" ind1=" " ind2=" ">
            <marc:subfield code="a">1 map on 13 sheets :</marc:subfield>
            <marc:subfield code="b">col. ;</marc:subfield>
            <marc:subfield code="c">170 x 177 cm., sheets 52 x 60 cm. and 52 x 32 cm.</marc:subfield>
        </marc:datafield>
        <marc:datafield tag="500" ind1=" " ind2=" ">
            <marc:subfield code="a">Relief shown by hachures and spot heights.</marc:subfield>
        </marc:datafield>
        <marc:datafield tag="500" ind1=" " ind2=" ">
            <marc:subfield code="a">Title on sheet XI.</marc:subfield>
        </marc:datafield>
        <marc:datafield tag="500" ind1=" " ind2=" ">
            <marc:subfield code="a">Sheets numbered: Ph. I [thru] Ph. VIII, Parartēma tou phill. VIII, Ph. IX, Ph. X, Ph. IX, Parartēma tou phill. XI.</marc:subfield>
        </marc:datafield>
        <marc:datafield tag="500" ind1=" " ind2=" ">
            <marc:subfield code="a">Accompanied by sheet of statistical tables: Statistikos pinax tou Vasileiou tēs Hellados. 1 sheet ; 52 x 57 cm.</marc:subfield>
        </marc:datafield>
        <marc:datafield tag="500" ind1=" " ind2=" ">
            <marc:subfield code="a">Historic Maps copy accompanied by index map: Skeletos tou Chartou tou Vasileiou tēs Hellados.</marc:subfield>
            <marc:subfield code="5">NjP</marc:subfield>
        </marc:datafield>
        <marc:datafield tag="500" ind1=" " ind2=" ">
            <marc:subfield code="a">Historic Maps copy imperfect: sheet of statistical tables wanting.</marc:subfield>
            <marc:subfield code="5">NjP</marc:subfield>
        </marc:datafield>
        <marc:datafield tag="500" ind1=" " ind2=" ">
            <marc:subfield code="a">Historic Maps copy has ms. annotations and hand coloring on some sheets.</marc:subfield>
            <marc:subfield code="5">NjP</marc:subfield>
        </marc:datafield>
        <marc:datafield tag="541" ind1=" " ind2=" ">
            <marc:subfield code="a">Gift of the Program in Hellenic Studies with the support of the Stanley J. Seeger Hellenic Fund.</marc:subfield>
            <marc:subfield code="5">NjP</marc:subfield>
        </marc:datafield>
        <marc:datafield tag="561" ind1=" " ind2=" ">
            <marc:subfield code="a">Historic Maps copy has ownership stamp of Georges Ducakis, professeur de sciences physiques, 35 rue Kalliga, Athènes, Grèce.</marc:subfield>
            <marc:subfield code="5">NjP</marc:subfield>
        </marc:datafield>
        <marc:datafield tag="651" ind1=" " ind2="0">
            <marc:subfield code="a">Greece</marc:subfield>
            <marc:subfield code="v">Maps.</marc:subfield>
        </marc:datafield>
        <marc:datafield tag="651" ind1=" " ind2="7">
            <marc:subfield code="a">Greece.</marc:subfield>
            <marc:subfield code="2">fast</marc:subfield>
            <marc:subfield code="0">(OCoLC)fst01208380</marc:subfield>
        </marc:datafield>
        <marc:datafield tag="655" ind1=" " ind2="7">
            <marc:subfield code="a">Topographic maps.</marc:subfield>
            <marc:subfield code="2">lcgft</marc:subfield>
        </marc:datafield>
        <marc:datafield tag="655" ind1=" " ind2="7">
            <marc:subfield code="a">Maps.</marc:subfield>
            <marc:subfield code="2">fast</marc:subfield>
            <marc:subfield code="0">(OCoLC)fst01423704</marc:subfield>
        </marc:datafield>
        <marc:datafield tag="655" ind1=" " ind2="7">
            <marc:subfield code="a">Maps</marc:subfield>
            <marc:subfield code="z">Greece</marc:subfield>
            <marc:subfield code="y">1884.</marc:subfield>
            <marc:subfield code="2">aat</marc:subfield>
        </marc:datafield>
        <marc:datafield tag="655" ind1=" " ind2="7">
            <marc:subfield code="a">Topographic maps</marc:subfield>
            <marc:subfield code="z">Greece</marc:subfield>
            <marc:subfield code="y">1884.</marc:subfield>
            <marc:subfield code="2">aat</marc:subfield>
        </marc:datafield>
        <marc:datafield tag="700" ind1="1" ind2=" ">
            <marc:subfield code="a">Ducakis, Georges,</marc:subfield>
            <marc:subfield code="e">former owner.</marc:subfield>
            <marc:subfield code="5">NjP</marc:subfield>
        </marc:datafield>
        <marc:datafield tag="856" ind1="4" ind2="1">
            <marc:subfield code="z">See the map (index sheet)</marc:subfield>
            <marc:subfield code="u">http://gisserver.princeton.edu/map/29095</marc:subfield>
        </marc:datafield>
        <marc:datafield tag="856" ind1="4" ind2="1">
            <marc:subfield code="z">See the map (sheet 1)</marc:subfield>
            <marc:subfield code="u">http://gisserver.princeton.edu/map/29096</marc:subfield>
        </marc:datafield>
        <marc:datafield tag="856" ind1="4" ind2="1">
            <marc:subfield code="z">See the map (sheet 2)</marc:subfield>
            <marc:subfield code="u">http://gisserver.princeton.edu/map/29097</marc:subfield>
        </marc:datafield>
        <marc:datafield tag="856" ind1="4" ind2="1">
            <marc:subfield code="z">See the map (sheet 3)</marc:subfield>
            <marc:subfield code="u">http://gisserver.princeton.edu/map/29098</marc:subfield>
        </marc:datafield>
        <marc:datafield tag="856" ind1="4" ind2="1">
            <marc:subfield code="z">See the map (sheet 4)</marc:subfield>
            <marc:subfield code="u">http://gisserver.princeton.edu/map/29099</marc:subfield>
        </marc:datafield>
        <marc:datafield tag="856" ind1="4" ind2="1">
            <marc:subfield code="z">See the map (sheet 5)</marc:subfield>
            <marc:subfield code="u">http://gisserver.princeton.edu/map/29100</marc:subfield>
        </marc:datafield>
        <marc:datafield tag="856" ind1="4" ind2="1">
            <marc:subfield code="z">See the map (sheet 6)</marc:subfield>
            <marc:subfield code="u">http://gisserver.princeton.edu/map/29101</marc:subfield>
        </marc:datafield>
        <marc:datafield tag="856" ind1="4" ind2="1">
            <marc:subfield code="z">See the map (sheet 7)</marc:subfield>
            <marc:subfield code="u">http://gisserver.princeton.edu/map/29102</marc:subfield>
        </marc:datafield>
        <marc:datafield tag="856" ind1="4" ind2="1">
            <marc:subfield code="z">See the map (sheet 8)</marc:subfield>
            <marc:subfield code="u">http://gisserver.princeton.edu/map/29103</marc:subfield>
        </marc:datafield>
        <marc:datafield tag="856" ind1="4" ind2="1">
            <marc:subfield code="z">See the map (sheet 9)</marc:subfield>
            <marc:subfield code="u">http://gisserver.princeton.edu/map/29104</marc:subfield>
        </marc:datafield>
        <marc:datafield tag="856" ind1="4" ind2="1">
            <marc:subfield code="z">See the map (sheet 10)</marc:subfield>
            <marc:subfield code="u">http://gisserver.princeton.edu/map/29105</marc:subfield>
        </marc:datafield>
        <marc:datafield tag="856" ind1="4" ind2="1">
            <marc:subfield code="z">See the map (sheet 11)</marc:subfield>
            <marc:subfield code="u">http://gisserver.princeton.edu/map/29106</marc:subfield>
        </marc:datafield>
        <marc:datafield tag="904" ind1=" " ind2=" ">
            <marc:subfield code="a">gls</marc:subfield>
            <marc:subfield code="b">g</marc:subfield>
            <marc:subfield code="h">m</marc:subfield>
            <marc:subfield code="c">p</marc:subfield>
            <marc:subfield code="e">20140926</marc:subfield>
        </marc:datafield>
        <marc:datafield tag="902" ind1=" " ind2=" ">
            <marc:subfield code="a">gls</marc:subfield>
            <marc:subfield code="b">l</marc:subfield>
            <marc:subfield code="6">e</marc:subfield>
            <marc:subfield code="7">m</marc:subfield>
            <marc:subfield code="d">v</marc:subfield>
            <marc:subfield code="f">13</marc:subfield>
            <marc:subfield code="e">20140930</marc:subfield>
        </marc:datafield>
    </marc:record>
    <marc:record type="Holdings">
        <marc:leader>00174nx  a22000851  4500</marc:leader>
        <marc:controlfield tag="001">8518847</marc:controlfield>
        <marc:controlfield tag="004">8788645</marc:controlfield>
        <marc:controlfield tag="005">20140926102352.0</marc:controlfield>
        <marc:controlfield tag="008">1409264u    8   1001uu   0901128</marc:controlfield>
        <marc:datafield tag="852" ind1="0" ind2=" ">
            <marc:subfield code="b">map</marc:subfield>
            <marc:subfield code="h">HMC01.7125.0</marc:subfield>
        </marc:datafield>
    </marc:record>
    <marc:record type="Holdings">
        <marc:leader>00174nx  a22000851  4500</marc:leader>
        <marc:controlfield tag="001">8522350</marc:controlfield>
        <marc:controlfield tag="004">8788645</marc:controlfield>
        <marc:controlfield tag="005">20140930150129.0</marc:controlfield>
        <marc:controlfield tag="008">1409304u    8   1001uu   0901128</marc:controlfield>
        <marc:datafield tag="852" ind1="0" ind2=" ">
            <marc:subfield code="b">map</marc:subfield>
            <marc:subfield code="h">HMC01.7251.1</marc:subfield>
        </marc:datafield>
    </marc:record>
    <marc:record type="Holdings">
        <marc:leader>00174nx  a22000851  4500</marc:leader>
        <marc:controlfield tag="001">8525462</marc:controlfield>
        <marc:controlfield tag="004">8788645</marc:controlfield>
        <marc:controlfield tag="005">20141003100208.0</marc:controlfield>
        <marc:controlfield tag="008">1410034u    8   1001uu   0901128</marc:controlfield>
        <marc:datafield tag="852" ind1="0" ind2=" ">
            <marc:subfield code="b">map</marc:subfield>
            <marc:subfield code="h">HMC01.7125.2</marc:subfield>
        </marc:datafield>
    </marc:record>
    <marc:record type="Holdings">
        <marc:leader>00174nx  a22000851  4500</marc:leader>
        <marc:controlfield tag="001">8525472</marc:controlfield>
        <marc:controlfield tag="004">8788645</marc:controlfield>
        <marc:controlfield tag="005">20141003100726.0</marc:controlfield>
        <marc:controlfield tag="008">1410034u    8   1001uu   0901128</marc:controlfield>
        <marc:datafield tag="852" ind1="0" ind2=" ">
            <marc:subfield code="b">map</marc:subfield>
            <marc:subfield code="h">HMC01.7125.3</marc:subfield>
        </marc:datafield>
    </marc:record>
    <marc:record type="Holdings">
        <marc:leader>00174nx  a22000851  4500</marc:leader>
        <marc:controlfield tag="001">8525477</marc:controlfield>
        <marc:controlfield tag="004">8788645</marc:controlfield>
        <marc:controlfield tag="005">20141003100931.0</marc:controlfield>
        <marc:controlfield tag="008">1410034u    8   1001uu   0901128</marc:controlfield>
        <marc:datafield tag="852" ind1="0" ind2=" ">
            <marc:subfield code="b">map</marc:subfield>
            <marc:subfield code="h">HMC01.7125.4</marc:subfield>
        </marc:datafield>
    </marc:record>
    <marc:record type="Holdings">
        <marc:leader>00174nx  a22000851  4500</marc:leader>
        <marc:controlfield tag="001">8525481</marc:controlfield>
        <marc:controlfield tag="004">8788645</marc:controlfield>
        <marc:controlfield tag="005">20141003101129.0</marc:controlfield>
        <marc:controlfield tag="008">1410034u    8   1001uu   0901128</marc:controlfield>
        <marc:datafield tag="852" ind1="0" ind2=" ">
            <marc:subfield code="b">map</marc:subfield>
            <marc:subfield code="h">HMC01.7125.5</marc:subfield>
        </marc:datafield>
    </marc:record>
    <marc:record type="Holdings">
        <marc:leader>00174nx  a22000851  4500</marc:leader>
        <marc:controlfield tag="001">8525486</marc:controlfield>
        <marc:controlfield tag="004">8788645</marc:controlfield>
        <marc:controlfield tag="005">20141003101318.0</marc:controlfield>
        <marc:controlfield tag="008">1410034u    8   1001uu   0901128</marc:controlfield>
        <marc:datafield tag="852" ind1="0" ind2=" ">
            <marc:subfield code="b">map</marc:subfield>
            <marc:subfield code="h">HMC01.7125.6</marc:subfield>
        </marc:datafield>
    </marc:record>
    <marc:record type="Holdings">
        <marc:leader>00174nx  a22000851  4500</marc:leader>
        <marc:controlfield tag="001">8525491</marc:controlfield>
        <marc:controlfield tag="004">8788645</marc:controlfield>
        <marc:controlfield tag="005">20141003101454.0</marc:controlfield>
        <marc:controlfield tag="008">1410034u    8   1001uu   0901128</marc:controlfield>
        <marc:datafield tag="852" ind1="0" ind2=" ">
            <marc:subfield code="b">map</marc:subfield>
            <marc:subfield code="h">HMC01.7125.7</marc:subfield>
        </marc:datafield>
    </marc:record>
    <marc:record type="Holdings">
        <marc:leader>00174nx  a22000851  4500</marc:leader>
        <marc:controlfield tag="001">8525494</marc:controlfield>
        <marc:controlfield tag="004">8788645</marc:controlfield>
        <marc:controlfield tag="005">20141003101629.0</marc:controlfield>
        <marc:controlfield tag="008">1410034u    8   1001uu   0901128</marc:controlfield>
        <marc:datafield tag="852" ind1="0" ind2=" ">
            <marc:subfield code="b">map</marc:subfield>
            <marc:subfield code="h">HMC01.7125.8</marc:subfield>
        </marc:datafield>
    </marc:record>
    <marc:record type="Holdings">
        <marc:leader>00174nx  a22000851  4500</marc:leader>
        <marc:controlfield tag="001">8525498</marc:controlfield>
        <marc:controlfield tag="004">8788645</marc:controlfield>
        <marc:controlfield tag="005">20141003101809.0</marc:controlfield>
        <marc:controlfield tag="008">1410034u    8   1001uu   0901128</marc:controlfield>
        <marc:datafield tag="852" ind1="0" ind2=" ">
            <marc:subfield code="b">map</marc:subfield>
            <marc:subfield code="h">HMC01.7125.9</marc:subfield>
        </marc:datafield>
    </marc:record>
    <marc:record type="Holdings">
        <marc:leader>00175nx  a22000851  4500</marc:leader>
        <marc:controlfield tag="001">8525505</marc:controlfield>
        <marc:controlfield tag="004">8788645</marc:controlfield>
        <marc:controlfield tag="005">20141003102148.0</marc:controlfield>
        <marc:controlfield tag="008">1410034u    8   1001uu   0901128</marc:controlfield>
        <marc:datafield tag="852" ind1="0" ind2=" ">
            <marc:subfield code="b">map</marc:subfield>
            <marc:subfield code="h">HMC01.7125.10</marc:subfield>
        </marc:datafield>
    </marc:record>
    <marc:record type="Holdings">
        <marc:leader>00175nx  a22000851  4500</marc:leader>
        <marc:controlfield tag="001">8525511</marc:controlfield>
        <marc:controlfield tag="004">8788645</marc:controlfield>
        <marc:controlfield tag="005">20141003102322.0</marc:controlfield>
        <marc:controlfield tag="008">1410034u    8   1001uu   0901128</marc:controlfield>
        <marc:datafield tag="852" ind1="0" ind2=" ">
            <marc:subfield code="b">map</marc:subfield>
            <marc:subfield code="h">HMC01.7125.11</marc:subfield>
        </marc:datafield>
    </marc:record>
</marc:collection>
